% EDIT - I've taken to putting my publications directly into template.tex, as I have more control over their formatting there.

% NEWSLETTER %

\cvsection{Publications OLD}

\nocite{*}

\printbibliography[heading=pubtype,title={\printinfo{\faBook}{Newsletters}},type=newsletter]

\printbibliography[heading=pubtype,title={\printinfo{\faUsers}{Talks}},type=inproceedings]

%\divider

%\printbibliography[heading=pubtype,title={\printinfo{\faBook}{Books}},type=book]

%\divider

\printbibliography[heading=pubtype,title={\printinfo{\faFile*[regular]}{Articles}}, type=misc]



@NEWSLETTER{frequent11y,
   title = {frequent11y newsletter},
   note  = "(2019 - Present) I've published almost 1000 accessibility newsletters to a large cross-government accessibility community and hundreds of independent subscribers.",
   url   = {https://ashton.codes/subscribe-to-frequent11y/},
}

% ARTICLES %

@MISC{gds,
   title = {What I like about being a developer at GDS},
   month = {8},
   year  = {2019},
   url   = {https://technology.blog.gov.uk/2019/08/14/what-i-like-about-being-a-developer-at-gds/},
}

@MISC{smashingSeries,
  title = {I Used The Web For A Day... (series, 5 articles, 2018-19)},
  url   = {https://www.smashingmagazine.com/author/chrisbashton/},
}

% @MISC{smashing50MB,
%   title = {I Used The Web For A Day On A 50 MB Budget},
%   month = {7},
%   year  = {2019},
%   url   = {https://smashingmagazine.com/2019/07/web-on-50mb-budget/},
% }

% @MISC{smashingIE8,
%   title = {I Used The Web For A Day On Internet Explorer 8},
%   month = {3},
%   year  = {2019},
%   url   = {https://www.smashingmagazine.com/2019/03/web-on-internet-explorer-ie8/},
% }

% @MISC{smashingScreenReader,
%   title = {I Used The Web For A Day Using A Screen Reader},
%   month = {12},
%   year  = {2018},
%   url   = {https://www.smashingmagazine.com/2018/12/voiceover-screen-reader-web-apps/},
% }

% @MISC{smashingKeyboard,
%   title = {I Used The Web For A Day With Just A Keyboard},
%   month = {7},
%   year  = {2018},
%   url   = {https://www.smashingmagazine.com/2018/07/web-with-just-a-keyboard/},
% }

% @MISC{smashingNoJs,
%   title = {I Used The Web For A Day With JavaScript Turned Off},
%   month = {5},
%   year  = {2018},
%   url   = {https://www.smashingmagazine.com/2018/05/using-the-web-with-javascript-turned-off/},
% }

% @MISC{smashingBBC,
%   title = {How BBC Interactive Content Works Across AMP, Apps, And The Web},
%   month = {3},
%   year  = {2018},
%   url   = {https://www.smashingmagazine.com/2018/03/bbc-interactive-content-amp-apps-web/},
% }

% @MISC{smashingTesting,
%   title = {High-Impact, Minimal-Effort Cross-Browser Testing},
%   month = {2},
%   year  = {2016},
%   url   = {https://www.smashingmagazine.com/2016/02/high-impact-minimal-effort-cross-browser-testing/},
% }

% CONFERENCES %

@inproceedings{pariswebconf,
  title     = {Publishing content to multiple platforms},
  year      = {2018},
  location  = {\\\emph{Paris Web Conf}},
  publisher = {\url{https://vimeo.com/295213010}},
}

% BOOKS %

@Book{JillClarke,
  author = {Jill Clarke},
  title = {Software Developer},
  publisher = {BCS},
  year = {2020},
%   address = {United Kingdom},
  pages = "156--157",
  % url = "https://shop.bcs.org/store/221/detail/workgroup?id=3-221-9781780175010", % a little unnecessary to include, but here's the URL if we want to later
  note = "Case Studies chapter: `The Road To Being An Experienced Developer'.",
}
